@Article{art1,
  author =       "Author Name",
  title =        "Book Title",
  journal =      "Lecture Notes in Autonomous System",
  volume =       "1001",
  publisher =    "UFO",
  pages =        "900--921",
  year =         "2003",
  coden =        "LNCSD9",
  ISSN =         "0302-2345",
  bibdate =      "Sat Dec 7 10:05:42 MST 2003",
}

@Article{2015PLoSO..1030140B,
	Title                    = {On Pixel-Wise Explanations for Non-Linear Classifier Decisions by Layer-Wise Relevance Propagation},
	Author                   = {{Bach}, Sebastian and {Binder}, Alexander and {Montavon}, Gr{\'e}goire and {Klauschen}, Frederick and {M{\"u}ller}, Klaus-Robert and {Samek}, Wojciech},
	Journal                  = {PLoS ONE},
	Year                     = {2015},
	
	Month                    = jul,
	Number                   = {7},
	Pages                    = {e0130140},
	Volume                   = {10},
	
	Adsnote                  = {Provided by the SAO/NASA Astrophysics Data System},
	Adsurl                   = {https://ui.adsabs.harvard.edu/abs/2015PLoSO..1030140B},
	Doi                      = {10.1371/journal.pone.0130140}
}

@Article{binder2021morphological,
	Title                    = {Morphological and molecular breast cancer profiling through explainable machine learning},
	Author                   = {Binder, Alexander and Bockmayr, Michael and H{\"a}gele, Miriam and Wienert, Stephan and Heim, Daniel and Hellweg, Katharina and Ishii, Masaru and Stenzinger, Albrecht and Hocke, Andreas and Denkert, Carsten and others},
	Journal                  = {Nature Machine Intelligence},
	Year                     = {2021},
	Number                   = {4},
	Pages                    = {355--366},
	Volume                   = {3},
	
	Publisher                = {Nature Publishing Group}
}