@inproceedings{01_mandic2005data,
	title={Data fusion for modern engineering applications: An overview},
	author={Mandic, Danilo P and Obradovic, Dragan and Kuh, Anthony and Adali, T{\"u}lay and Trutschell, Udo and Golz, Martin and Wilde, Philippe De and Barria, Javier and Constantinides, Anthony and Chambers, Jonathon},
	booktitle={International Conference on Artificial Neural Networks},
	pages={715--721},
	year={2005},
	organization={Springer}
}

@article{02_lim2021temporal,
	title={Temporal fusion transformers for interpretable multi-horizon time series forecasting},
	author={Lim, Bryan and Ar{\i}k, Sercan {\"O} and Loeff, Nicolas and Pfister, Tomas},
	journal={International Journal of Forecasting},
	volume={37},
	number={4},
	pages={1748--1764},
	year={2021},
	publisher={Elsevier}
}

@inproceedings{03_duzceker2021deepvideomvs,
	title={Deepvideomvs: Multi-view stereo on video with recurrent spatio-temporal fusion},
	author={Duzceker, Arda and Galliani, Silvano and Vogel, Christoph and Speciale, Pablo and Dusmanu, Mihai and Pollefeys, Marc},
	booktitle={Proceedings of the IEEE/CVF Conference on Computer Vision and Pattern Recognition},
	pages={15324--15333},
	year={2021}
}

@inproceedings{04_li2021spatial,
	title={Spatial feature calibration and temporal fusion for effective one-stage video instance segmentation},
	author={Li, Minghan and Li, Shuai and Li, Lida and Zhang, Lei},
	booktitle={Proceedings of the IEEE/CVF Conference on Computer Vision and Pattern Recognition},
	pages={11215--11224},
	year={2021}
}

@Comment{jabref-meta: databaseType:bibtex;}

@Comment{jabref-meta: grouping:
0 AllEntriesGroup:;
1 StaticGroup:Markings\;2\;1\;\;\;\;;
2 StaticGroup:[ash:]\;2\;1\;\;\;\;;
2 StaticGroup:ash:6\;2\;1\;\;\;\;;
}
